@article{keyref1,
  title={The economics of exhaustible resources},
  author={Hotelling, Harold},
  journal={Journal of political Economy},
  volume={39},
  year={1931},
  publisher={University of Chicago Press}
}