@book{deb01,
	author = {C. de Boor},
	title = {A Practical Guide to Splines},
	publisher = {Springer-Verlag},
	address = {New York},
	year = {2001},
}

@misc{pyprop,
	author = {Tore Birkeland and Raymond Nepstad},
	title = {PyProp},
	howpublished = {\url{http://pyprop.googlecode.com}},
}

@Article{Dinvay2017,
	author="Dinvay, Evgueni
	and Moldabayev, Daulet
	and Dutykh, Denys
	and Kalisch, Henrik",
	title="The Whitham equation with surface tension",
	journal="Nonlinear Dynamics",
	year="2017",
	pages="1--14",
	issn="1573-269X",
	doi="10.1007/s11071-016-3299-7",
	url="http://dx.doi.org/10.1007/s11071-016-3299-7"
}

